<record><leader>00000cas a22000007a 4500</leader><controlfield tag="001">11738465</controlfield><controlfield tag="008">850226d18511854inuwr ne      0    0eng d</controlfield><datafield ind1=" " ind2=" " tag="010"><subfield code="a">sn 85047705 </subfield></datafield><datafield ind1=" " ind2=" " tag="040"><subfield code="a">NPI</subfield><subfield code="b">eng</subfield><subfield code="c">NPI</subfield><subfield code="d">OCLCQ</subfield></datafield><datafield ind1=" " ind2=" " tag="042"><subfield code="a">msc</subfield></datafield><datafield ind1="0" ind2=" " tag="130"><subfield code="a">Indiana republican (Rising Sun, Ind.)</subfield></datafield><datafield ind1="1" ind2="4" tag="245"><subfield code="a">The Indiana republican.</subfield></datafield><datafield ind1=" " ind2=" " tag="260"><subfield code="a">Rising Sun, Ind. :</subfield><subfield code="b">W.M. &amp; L.W. French,</subfield><subfield code="c">1851-1854.</subfield></datafield><datafield ind1=" " ind2=" " tag="300"><subfield code="a">3 v. :</subfield><subfield code="b">ill. (chiefly advertisements)</subfield></datafield><datafield ind1=" " ind2=" " tag="310"><subfield code="a">Weekly</subfield></datafield><datafield ind1="0" ind2=" " tag="362"><subfield code="a">Vol. 1, no. 1 (Aug. 30, 1851)-v. 3, no. 35 (Apr. 22, 1854).</subfield></datafield><datafield ind1=" " ind2=" " tag="500"><subfield code="a">"Independent on all subjects--neutral on none."</subfield></datafield><datafield ind1=" " ind2=" " tag="500"><subfield code="a">Publishers: Aug. 1851-Sept. 1851, Hayden &amp; Gregory; Sept. 1851-Dec. 1852, French &amp; Gregory; Dec. 1852-Jan. 1853, William M. French; Jan. 1853-Sept. 1853, French &amp; Craft; Sept. 1853-Nov. 1853, W.M. French; Nov. 1853-Apr. 1854, W.M. &amp; L.W. French.</subfield></datafield><datafield ind1=" " ind2=" " tag="500"><subfield code="a">In late April 1854 French moved the paper to Jeffersonville in Clark County. In his April 22, 1854 editorial, French said the title would be changed to "The Jeffersonville Republican." No issues with this title have beenlocated, but it is known that on May 6, 1859, the title was French's Republican.</subfield></datafield><datafield ind1=" " ind2=" " tag="752"><subfield code="a">United States</subfield><subfield code="b">Indiana</subfield><subfield code="c">Ohio</subfield><subfield code="d">Rising Sun.</subfield></datafield><datafield ind1="0" ind2="0" tag="785"><subfield code="t">Jeffersonville Republican</subfield></datafield></record>